@article{Demsar2016BalancedMixture,
    title = {{A Balanced Mixture of Antagonistic Pressures Promotes the Evolution of Parallel Movement}},
    year = {2016},
    journal = {Scientific Reports},
    author = {Dem{\v{s}}ar, Jure and {\v{S}}trumbelj, Erik and Lebar Bajec, Iztok},
    volume = {6},
    doi = {10.1038/srep39428}
}

@article{Demsar2017LinguisticEvolution,
    title = {{Evolution of Collective Behaviour in an Artificial World Using Linguistic Fuzzy Rule-Based Systems}},
    year = {2017},
    journal = {PLoS ONE},
    author = {Dem{\v{s}}ar, Jure and Lebar Bajec, Iztok},
    number = {1},
    pages = {1--20},
    volume = {12},
    doi = {10.1371/journal.pone.0168876}
}

@article{li2023chatgpt,
  title={Chat{GPT} in education: A discourse analysis of worries and concerns on social media},
  author={Li, Lingyao and Ma, Zihui and Fan, Lizhou and Lee, Sanggyu and Yu, Huizi and Hemphill, Libby},
  journal={Education and Information Technologies},
  pages={1--34},
  year={2023},
  publisher={Springer}
}

@article{Amaro2024TopicMA,
  title={Topic Modeling: A Consistent Framework for Comparative Studies},
  author={Ana Amaro and Fernando Bacao},
  journal={Emerging Science Journal},
  year={2024},
  url={https://api.semanticscholar.org/CorpusID:268027113}
}

@article{NIAframework,
author = {Chen, Weisi and Rabhi, Fethi and Liao, Wenqi and Al-Qudah, Islam},
year = {2023},
month = {06},
pages = {2605},
title = {Leveraging State-of-the-Art Topic Modeling for {N}ews {I}mpact {A}nalysis on Financial Markets: A Comparative Study},
volume = {12},
journal = {Electronics},
doi = {10.3390/electronics12122605}
}

@misc{grootendorst2022bertopic,
      title={BERTopic: Neural topic modeling with a class-based TF-IDF procedure}, 
      author={Maarten Grootendorst},
      year={2022},
      eprint={2203.05794},
      archivePrefix={arXiv},
      primaryClass={cs.CL}
}

@misc{angelov2020top2vec,
      title={Top2{V}ec: Distributed Representations of Topics}, 
      author={Dimo Angelov},
      year={2020},
      eprint={2008.09470},
      archivePrefix={arXiv},
      primaryClass={cs.CL}
}

@misc{pham2023topicgpt,
      title={Topic{GPT}: A Prompt-based Topic Modeling Framework}, 
      author={Chau Minh Pham and Alexander Hoyle and Simeng Sun and Mohit Iyyer},
      year={2023},
      eprint={2311.01449},
      archivePrefix={arXiv},
      primaryClass={cs.CL}
}

@inproceedings{Blei2003LatentDA,
  title={Latent {D}irichlet {A}llocation},
  author={D. Blei},
  year={2003}
}

@misc{ye2024prompt,
      title={Prompt Engineering a Prompt Engineer}, 
      author={Qinyuan Ye and Maxamed Axmed and Reid Pryzant and Fereshte Khani},
      year={2024},
      eprint={2311.05661},
      archivePrefix={arXiv},
      primaryClass={cs.CL}
}

@misc{devlin2019bert,
      title={BERT: Pre-training of Deep Bidirectional Transformers for Language Understanding}, 
      author={Jacob Devlin and Ming-Wei Chang and Kenton Lee and Kristina Toutanova},
      year={2019},
      eprint={1810.04805},
      archivePrefix={arXiv},
      primaryClass={cs.CL}
}

@misc{sanh2020distilbert,
      title={DistilBERT, a distilled version of BERT: smaller, faster, cheaper and lighter}, 
      author={Victor Sanh and Lysandre Debut and Julien Chaumond and Thomas Wolf},
      year={2020},
      eprint={1910.01108},
      archivePrefix={arXiv},
      primaryClass={cs.CL}
}

@misc{sun2020finetune,
      title={How to Fine-Tune {BERT} for Text Classification?}, 
      author={Chi Sun and Xipeng Qiu and Yige Xu and Xuanjing Huang},
      year={2020},
      eprint={1905.05583},
      archivePrefix={arXiv},
      primaryClass={cs.CL}
}

@misc{touvron2023llama,
  title={Llama 2: Open Foundation and Fine-Tuned Chat Models},
  author={Hugo Touvron and Louis Martin and Kevin Stone and Peter Albert and Amjad Almahairi and Hatem Babaei and Nicolas Ballas and Jason Carreira and Mojtaba Hejrati and Max Henaff and Aurelia Guy and Melanie Kunc and Zhiqing Sun and Anmol Gulati and Ross Wightman and Alykhan Tejani and Myle Ott and Nicolas Usunier and Michal Drozdzal and Armand Joulin},
  year={2023},
  eprint={2307.09288},
  archivePrefix={arXiv},
  primaryClass={cs.CL},
  url={https://huggingface.co/meta-llama/Llama-2-13b-chat-hf}
}
